<record><leader>00000cas a22000007a 4500</leader><controlfield tag="001">25718897</controlfield><controlfield tag="008">920427d19471947riuwr ne      0    0eng d</controlfield><datafield ind1=" " ind2=" " tag="010"><subfield code="a">sn 92064036 </subfield></datafield><datafield ind1=" " ind2=" " tag="040"><subfield code="a">RHN</subfield><subfield code="b">eng</subfield><subfield code="c">RHN</subfield><subfield code="d">OCLCQ</subfield></datafield><datafield ind1=" " ind2=" " tag="042"><subfield code="a">msc</subfield></datafield><datafield ind1="0" ind2=" " tag="130"><subfield code="a">Transcript (East Providence, R.I.)</subfield></datafield><datafield ind1="1" ind2="4" tag="245"><subfield code="a">The transcript.</subfield></datafield><datafield ind1="1" ind2="7" tag="246"><subfield code="a">East Providence transcript</subfield></datafield><datafield ind1=" " ind2=" " tag="260"><subfield code="a">East Providence, R.I. :</subfield><subfield code="b">Transcript Pub. Co.</subfield></datafield><datafield ind1=" " ind2=" " tag="300"><subfield code="a">v.</subfield></datafield><datafield ind1=" " ind2=" " tag="310"><subfield code="a">Weekly</subfield></datafield><datafield ind1="0" ind2=" " tag="362"><subfield code="a">Vol. 1, no. 1 (Mar. 20, 1947)-v. 1, no. 11 (May 30, 1947).</subfield></datafield><datafield ind1=" " ind2="4" tag="651"><subfield code="a">East Providence (R.I.)</subfield><subfield code="v">Newspapers.</subfield></datafield><datafield ind1=" " ind2=" " tag="752"><subfield code="a">United States</subfield><subfield code="b">Rhode Island</subfield><subfield code="c">Providence</subfield><subfield code="d">East Providence.</subfield></datafield><datafield ind1="0" ind2="0" tag="785"><subfield code="t">East Providence transcript</subfield><subfield code="w">(DLC)sn 92064037</subfield></datafield></record>